<?xml version="1.0" encoding="UTF-8"?><collection xmlns="http://www.loc.gov/MARC21/slim"><record><leader>00462nam--2200169-u-4500</leader><controlfield tag="001">000051142</controlfield><controlfield tag="002">20161230</controlfield><controlfield tag="005">20161230201049</controlfield><controlfield tag="008">080522s1000------------r-----000-0-eng-d</controlfield><datafield ind1=" " ind2=" " tag="040"><subfield code="a">IFIN-HH</subfield></datafield><datafield ind1=" " ind2=" " tag="080"><subfield code="a">512.83</subfield></datafield><datafield ind1="1" ind2=" " tag="100"><subfield code="a">Bliefernich, Manfred, Gryck, Manfred, Pfeifer, Max</subfield></datafield><datafield ind1="1" ind2=" " tag="245"><subfield code="a">Aufgaben zur Matrizenrechnung und Linearen Optimierung</subfield></datafield><datafield ind1=" " ind2=" " tag="260"><subfield code="a">Berlin</subfield><subfield code="b">Verlag</subfield><subfield code="c">1968</subfield></datafield><datafield ind1=" " ind2=" " tag="300"><subfield code="a">309 p</subfield></datafield><datafield ind1=" " ind2=" " tag="852"><subfield code="a">28483</subfield><subfield code="c">512.831</subfield></datafield><datafield ind1=" " ind2=" " tag="CAT"><subfield code="a">Sys</subfield><subfield code="c">20080522</subfield><subfield code="h">120926</subfield></datafield></record></collection>